<?xml version="1.0" encoding="UTF-8"?><record xmlns="http://www.loc.gov/MARC21/slim" xmlns:cinclude="http://apache.org/cocoon/include/1.0" xmlns:zs="http://www.loc.gov/zing/srw/">
  <leader>01138cz  a2200229n  4500</leader>
  <controlfield tag="001">n  82092191 </controlfield>
  <controlfield tag="003">DLC</controlfield>
  <controlfield tag="005">20141218073607.0</controlfield>
  <controlfield tag="008">820915n| azannaabn          |a ana      </controlfield>
  <datafield tag="010" ind1=" " ind2=" ">
    <subfield code="a">n  82092191 </subfield>
  </datafield>
  <datafield tag="035" ind1=" " ind2=" ">
    <subfield code="a">(OCoLC)oca00788825</subfield>
  </datafield>
  <datafield tag="040" ind1=" " ind2=" ">
    <subfield code="a">DLC</subfield>
    <subfield code="b">eng</subfield>
    <subfield code="e">rda</subfield>
    <subfield code="c">DLC</subfield>
    <subfield code="d">OCoLC</subfield>
    <subfield code="d">DLC</subfield>
  </datafield>
  <datafield tag="110" ind1="2" ind2=" ">
    <subfield code="a">Boston Society of Landscape Architects</subfield>
  </datafield>
  <datafield tag="410" ind1="2" ind2=" ">
    <subfield code="a">American Society of Landscape Architects.</subfield>
    <subfield code="b">Boston Branch</subfield>
  </datafield>
  <datafield tag="410" ind1="2" ind2=" ">
    <subfield code="a">American Society of Landscape Architects.</subfield>
    <subfield code="b">Boston Society of Landscape Architects</subfield>
  </datafield>
  <datafield tag="410" ind1="2" ind2=" ">
    <subfield code="a">American Society of Landscape Architects.</subfield>
    <subfield code="b">Maine, Massachusetts, New Hampshire &amp; Vermont Chapter</subfield>
  </datafield>
  <datafield tag="410" ind1="2" ind2=" ">
    <subfield code="a">B.S.L.A.</subfield>
  </datafield>
  <datafield tag="410" ind1="2" ind2=" ">
    <subfield code="a">BSLA</subfield>
  </datafield>
  <datafield tag="510" ind1="2" ind2=" ">
    <subfield code="w">r</subfield>
    <subfield code="i">Hierarchical superior:</subfield>
    <subfield code="a">American Society of Landscape Architects</subfield>
  </datafield>
  <datafield tag="670" ind1=" " ind2=" ">
    <subfield code="a">Its Studies in landscape architecture, 1935.</subfield>
  </datafield>
  <datafield tag="670" ind1=" " ind2=" ">
    <subfield code="a">Its Roster, 1975, surrogate:</subfield>
    <subfield code="b">t.p. (Boston Society of Landscape Architects; BSLA); 1977, surrogate: t.p. (Boston Society of Landscape Architects, Maine, Massachusetts, New Hampshire &amp; Vermont Chapter, the American Society of Landscape Architects, Inc.)</subfield>
  </datafield>
  <datafield tag="670" ind1=" " ind2=" ">
    <subfield code="a">Information from 678 converted Dec. 18, 2014</subfield>
    <subfield code="b">(Organized 1913)</subfield>
  </datafield>
</record>